%% This BibTeX bibliography file was created using BibDesk.
%% http://bibdesk.sourceforge.net/


%% Created for Emlyn Corrin at 2010-04-29 14:16:02 +0200 


%% Saved with string encoding Unicode (UTF-8) 

@article{telescopesWiki,
	Author = {Jan Dreyling-Eschweiler AND Hendrik Jansen},
	Journal = {Online Wiki},
	Title = {EUDET-type beam telescopes},
	Url = {https://telescopes.desy.de/},
	Year = {2016},
}
@article{telescopesWikiUserManual,
	Author = {Jan Dreyling-Eschweiler AND Hendrik Jansen},
	Journal = {Online Wiki - User Manual},
	Title = {EUDET-type beam telescopes},
	Url = {https://telescopes.desy.de/User_manual},
	Year = {2016},
}

@article{githubEUDAQconfiguration,
	Author = {EUDAQ Configurations},
	Journal = {GitHub},
	Title = {EUDAQ configurations files and scripts on GitHub},
	Url = {https://github.com/eudaq/eudaq-configuration},
	Year = {2016},
}

@article{Shirokova:2016,
	Author = {Shirokova, Darya},
	Journal = {DESY Summerstudetnts},
	Title = {Software Development for a common DAQ at test},
	Year = {2016},
}

@Article{Jansen:2016,
author="Jansen, Hendrik
and Spannagel, Simon
and Behr, J{\"o}rg
and Bulgheroni, Antonio
and Claus, Gilles
and Corrin, Emlyn
and Cussans, David
and Dreyling-Eschweiler, Jan
and Eckstein, Doris
and Eichhorn, Thomas
and Goffe, Mathieu
and Gregor, Ingrid Maria
and Haas, Daniel
and Muhl, Carsten
and Perrey, Hanno
and Peschke, Richard
and Roloff, Philipp
and Rubinskiy, Igor
and Winter, Marc",
title="Performance of the EUDET-type beam telescopes",
journal="EPJ Techniques and Instrumentation",
year="2016",
volume="3",
number="1",
pages="7",
abstract="Test beam measurements at the test beam facilities of DESY have been conducted to characterise the performance of the EUDET-type beam telescopes originally developed within the EUDET project. The beam telescopes are equipped with six sensor planes using MIMOSA 26 monolithic active pixel devices. A programmable Trigger Logic Unit provides trigger logic and time stamp information on particle passage. Both data acquisition framework and offline reconstruction software packages are available. User devices are easily integrable into the data acquisition framework via predefined interfaces.",
issn="2195-7045",
doi="10.1140/epjti/s40485-016-0033-2",
url="http://dx.doi.org/10.1140/epjti/s40485-016-0033-2"
}

@article{markdownWWW,
	Author = {GitHub},
	Journal = {GitHub},
	Title = {Mastering Markdown},
	Url = {https://guides.github.com/features/mastering-markdown/},
	Year = {2016},
}

@article{githubEUDAQ,
	Author = {EUDAQ Developers},
	Journal = {GitHub},
	Title = {EUDAQ code on GutHub},
	Url = {https://github.com/eudaq/eudaq},
	Year = {2016},
}

@article{gitWWW,
	Author = {Git},
	Journal = {Online Article},
	Title = {Git -- local-branching-on-the-cheap},
	Url = {https://git-scm.com/},
	Year = {2016},
}

@phdthesis{Spannagel:2016,
      author         = "Spannagel, Simon",
      title          = "{Test Beam Measurements for the Upgrade of the CMS Pixel
                        Detector and Measurement of the Top Quark Mass from
                        Differential Cross Sections}",
      school         = "U. Hamburg, Dept. Phys.",
      year           = "2016",
      address        = "Hamburg",
      url            = "http://bib-pubdb1.desy.de/search?cc=Publication+Database&of=hd&p=reportnumber:DESY-THESIS-2016-010",
      reportNumber   = "DESY-THESIS-2016-010",
      SLACcitation   = "%%CITATION = DESY-THESIS-2016-010;%%"
}

@article{eudet2009,
	Abstract = {This manual is intended to help users to take data using the EUDET pixel tele- scope. You will find detailed explanation on how to power up the telescope, how to start the run control and pictures of important items.},
	Author = {{EUDET JRA1 Group}},
	Date-Added = {2010-04-29 14:16:00 +0200},
	Date-Modified = {2010-04-29 14:16:00 +0200},
	Journal = {EUDET-Memo-2009-03},
	Keywords = {eudet},
	Title = {{EUDET} Pixel Telescope Data Taking Manual - Updated Version 2009},
	Url = {http://www.eudet.org/e26/e28/e42441/e67493/EUDET-MEMO-2009-03.pdf},
	Year = {2009},
	Bdsk-Url-1 = {http://www.eudet.org/e26/e28/e615/e814/eudet-memo-2008-38.pdf}}

@article{Cussans2009,
	Author = {David G. Cussans},
	Date-Added = {2010-04-29 14:04:51 +0200},
	Date-Modified = {2010-04-29 14:04:51 +0200},
	Journal = {EUDET-Memo-2009-04},
	Keywords = {eudet},
	Title = {Description of the {JRA1} Trigger Logic Unit ({TLU}), v0.2c},
	Url = {http://www.eudet.org/e26/e28/e42441/e57298/EUDET-MEMO-2009-04.pdf},
	Year = {2009},
	Bdsk-Url-1 = {http://www.eudet.org/e26/e28/e182/e406/eudet-memo-2007-26.pdf}}

@article{Cotta2008,
	Author = {Angelo {Cotta Ramusino}},
	Date-Added = {2010-04-29 14:01:24 +0200},
	Date-Modified = {2010-04-29 14:01:24 +0200},
	Journal = {EUDET-Memo-2008-38},
	Keywords = {eudet},
	Title = {The {EUDET} Data Reduction Board ({EUDRB})},
	Url = {http://www.eudet.org/e26/e28/e615/e814/eudet-memo-2008-38.pdf},
	Year = {2008},
	Bdsk-Url-1 = {http://www.eudet.org/e26/e28/e615/e814/eudet-memo-2008-38.pdf}}

@article{eutel2008,
	Author = {Antonio Bulgheroni},
	Date-Added = {2010-04-29 14:00:50 +0200},
	Date-Modified = {2010-04-29 14:00:50 +0200},
	Journal = {EUDET-Memo-2008-48},
	Keywords = {eudet},
	Title = {EUTelescope, the {JRA1} tracking and reconstruction software: a status report},
	Url = {http://www.eudet.org/e26/e28/e615/e835/eudet-memo-2008-48.pdf},
	Year = {2008},
	Bdsk-Url-1 = {http://www.eudet.org/e26/e28/e615/e835/eudet-memo-2008-48.pdf}}

@article{Roloff:2009zza,
	Author = {Philipp Roloff},
	Date-Added = {2010-04-29 14:00:33 +0200},
	Date-Modified = {2010-04-29 14:00:33 +0200},
	Doi = {doi:10.1016/j.nima.2009.01.069},
	Journal = {Nucl. Instrum. Meth.},
	Keywords = {eudet},
	Pages = {265-268},
	Slaccitation = {%%CITATION = NUIMA,A604,265;%%},
	Title = {{The EUDET high resolution pixel telescope}},
	Volume = {A604},
	Year = {2009},
	Bdsk-Url-1 = {http://dx.doi.org/10.1016/j.nima.2009.01.069}}
